% Encoding: UTF-8

@article{JohnsonStroke,
author = {Johnson, Walter and Onuma, Oyere and Owolabi, Mayowa and Sachdev, Sonal},
year = {2016},
month = {09},
pages = {634-634A},
title = {Stroke: A global response is needed},
volume = {94},
journal = {Bulletin of the World Health Organization},
doi = {10.2471/BLT.16.181636}
}

@Article{DONNAN20081612,
  author  = {Geoffrey, A Donnan and Marc Fisher and Malcolm Macleod and Stephen M Davis},
  title   = {Stroke},
  journal = {The Lancet},
  year    = {2008},
  volume  = {371},
  number  = {9624},
  pages   = {1612 - 1623},
  issn    = {0140-6736},
  doi     = {https://doi.org/10.1016/S0140-6736(08)60694-7},
  url     = {http://www.sciencedirect.com/science/article/pii/S0140673608606947},
}

@article{mozaffarian2016heart,
  title={Heart disease and stroke statistics-2016 update a report from the American Heart Association},
  author={Mozaffarian, Dariush and Benjamin, Emelia J and Go, Alan S and Arnett, Donna K and Blaha, Michael J and Cushman, Mary and Das, Sandeep R and de Ferranti, Sarah and Despr{\'e}s, Jean Pierre and Fullerton, Heather J and others},
  journal={Circulation},
  volume={133},
  number={4},
  pages={e38--e48},
  year={2016},
  publisher={Lippincott Williams and Wilkins}
}

@book{torbey2013stroke,
  title={The Stroke Book},
  author={Torbey, Michel T and Selim, Magdy H},
  year={2013},
  publisher={Cambridge University Press}
}

@article{green2002metaanalysis,
  title={A metaanalysis comparing surgical thrombectomy, mechanical thrombectomy, and pharmacomechanical thrombolysis for thrombosed dialysis grafts},
  author={Green, Lawrence D and Lee, Douglas S and Kucey, Daryl S},
  journal={Journal of vascular surgery},
  volume={36},
  number={5},
  pages={939--945},
  year={2002},
  publisher={Elsevier}
}

@article{el2017thrombolysis,
  title={Thrombolysis and thrombectomy for acute ischaemic stroke},
  author={El Tawil, Salwa and Muir, Keith W},
  journal={Clinical Medicine},
  volume={17},
  number={2},
  pages={161--165},
  year={2017},
  publisher={Royal College of Physicians}
}

@inproceedings{schaefer2002diffusion,
  title={Diffusion magnetic resonance imaging of acute ischemic stroke},
  author={Schaefer, Pamela W and Romero, Javier M and Grant, P Ellen and Wu, Ona and Sorensen, A Gregory and Koroshetz, Walter and Gonz{\'a}lez, Ramon G},
  booktitle={Seminars in roentgenology},
  volume={37},
  number={3},
  pages={219--229},
  year={2002},
  organization={Elsevier}
}

@article{palaniswami2015mechanical,
  title={Mechanical thrombectomy is now the gold standard for acute ischemic stroke: implications for routine clinical practice},
  author={Palaniswami, Murugan and Yan, Bernard},
  journal={Interventional neurology},
  volume={4},
  number={1-2},
  pages={18--29},
  year={2015},
  publisher={Karger Publishers}
}

@article{lansberg2000comparison,
  title={Comparison of diffusion-weighted MRI and CT in acute stroke},
  author={Lansberg, Maarten G and Albers, Gregory W and Beaulieu, Christian and Marks, Michael P},
  journal={Neurology},
  volume={54},
  number={8},
  pages={1557--1561},
  year={2000},
  publisher={AAN Enterprises}
}

@book{gonzalez2011acute,
  title={Acute ischemic stroke},
  author={Gonz{\'a}lez, Ramon G and Hirsch, Joshua A and Koroshetz, WJ and Lev, Michael H and Schaefer, Pamela W},
  year={2011},
  publisher={Springer}
}

@article{lin2016imaging,
  title={Imaging of ischemic stroke},
  author={Lin, Michelle P and Liebeskind, David S},
  journal={Continuum: Lifelong Learning in Neurology},
  volume={22},
  number={5},
  pages={1399},
  year={2016},
  publisher={American Academy of Neurology}
}

@Article{wintermark2007comparison,
  author        = {Wintermark, Max and Meuli, Reto and Browaeys, Patrick and Reichhart, M and Bogousslavsky, J. and Schnyder, P. and Michel, P.},
  title         = {Comparison of CT perfusion and angiography and MRI in selecting stroke patients for acute treatment},
  journal       = {Neurology},
  year          = {2007},
  volume        = {68},
  number        = {9},
  pages         = {694--697},
  issn          = {0028-3878},
  __markedentry = {[König der Füchse:1]},
  doi           = {10.1212/01.wnl.0000255959.30107.08},
  eprint        = {https://n.neurology.org/content/68/9/694.full.pdf},
  publisher     = {Wolters Kluwer Health, Inc. on behalf of the American Academy of Neurology},
  url           = {https://n.neurology.org/content/68/9/694},
}


@article{wintermark2006perfusion,
  title={Perfusion-CT assessment of infarct core and penumbra: receiver operating characteristic curve analysis in 130 patients suspected of acute hemispheric stroke},
  author={Wintermark, Max and Flanders, Adam E and Velthuis, Birgitta and Meuli, Reto and Van Leeuwen, Maarten and Goldsher, Dorit and Pineda, Carissa and Serena, Joaquin and Schaaf, Irene van der and Waaijer, Annet and others},
  journal={Stroke},
  volume={37},
  number={4},
  pages={979--985},
  year={2006},
  publisher={Am Heart Assoc}
}

@article{schaefer2008quantitative,
  title={Quantitative assessment of core/penumbra mismatch in acute stroke: CT and MR perfusion imaging are strongly correlated when sufficient brain volume is imaged},
  author={Schaefer, Pamela W and Barak, Elizabeth R and Kamalian, Shahmir and Gharai, Leila Rezai and Schwamm, Lee and Gonzalez, Ramon G. and Lev, Michael H},
  journal={Stroke},
  volume={39},
  number={11},
  pages={2986--2992},
  year={2008},
  publisher={Am Heart Assoc}
}

@article{soares2010reperfusion,
  title={Reperfusion is a more accurate predictor of follow-up infarct volume than recanalization: a proof of concept using CT in acute ischemic stroke patients},
  author={Soares, Bruno P and Tong, Elizabeth and Hom, Jason and Cheng, Su-Chun and Bredno, Joerg and Boussel, Loic and Smith, Wade S and Wintermark, Max},
  journal={Stroke},
  volume={41},
  number={1},
  pages={e34--e40},
  year={2010},
  publisher={Am Heart Assoc}
}

@article{campbell2011cerebral,
  title={Cerebral blood flow is the optimal CT perfusion parameter for assessing infarct core},
  author={Campbell, Bruce CV and Christensen, S{\o}ren and Levi, Christopher R and Desmond, Patricia M and Donnan, Geoffrey A and Davis, Stephen M and Parsons, Mark W},
  journal={Stroke},
  volume={42},
  number={12},
  pages={3435--3440},
  year={2011},
  publisher={Am Heart Assoc}
}

@InProceedings{Szegedy_2015_CVPR,
author = {Szegedy, Christian and Liu, Wei and Jia, Yangqing and Sermanet, Pierre and Reed, Scott and Anguelov, Dragomir and Erhan, Dumitru and Vanhoucke, Vincent and Rabinovich, Andrew},
title = {Going Deeper With Convolutions},
booktitle = {The IEEE Conference on Computer Vision and Pattern Recognition (CVPR)},
month = {June},
year = {2015}
}

@inproceedings{huang2017densely,
  title={Densely connected convolutional networks},
  author={Huang, Gao and Liu, Zhuang and Van Der Maaten, Laurens and Weinberger, Kilian Q},
  booktitle={Proceedings of the IEEE conference on computer vision and pattern recognition},
  pages={4700--4708},
  year={2017}
}

@inproceedings{he2016deep,
  title={Deep residual learning for image recognition},
  author={He, Kaiming and Zhang, Xiangyu and Ren, Shaoqing and Sun, Jian},
  booktitle={Proceedings of the IEEE conference on computer vision and pattern recognition},
  pages={770--778},
  year={2016}
}

@article{badrinarayanan2017segnet,
  title={Segnet: A deep convolutional encoder-decoder architecture for image segmentation},
  author={Badrinarayanan, Vijay and Kendall, Alex and Cipolla, Roberto},
  journal={IEEE transactions on pattern analysis and machine intelligence},
  volume={39},
  number={12},
  pages={2481--2495},
  year={2017},
  publisher={IEEE}
}

@inproceedings{ciresan2012deep,
  title={Deep neural networks segment neuronal membranes in electron microscopy images},
  author={Ciresan, Dan and Giusti, Alessandro and Gambardella, Luca M and Schmidhuber, J{\"u}rgen},
  booktitle={Advances in neural information processing systems},
  pages={2843--2851},
  year={2012}
}

@inproceedings{long2015fully,
  title={Fully convolutional networks for semantic segmentation},
  author={Long, Jonathan and Shelhamer, Evan and Darrell, Trevor},
  booktitle={Proceedings of the IEEE conference on computer vision and pattern recognition},
  pages={3431--3440},
  year={2015}
}
@inproceedings{ronneberger2015u,
  title={U-net: Convolutional networks for biomedical image segmentation},
  author={Ronneberger, Olaf and Fischer, Philipp and Brox, Thomas},
  booktitle={International Conference on Medical image computing and computer-assisted intervention},
  pages={234--241},
  year={2015},
  organization={Springer}
}

@article{rastgarpour2013problems,
  title={The problems, applications and growing interest in automatic segmentation of medical images from the year 2000 till 2011},
  author={Rastgarpour, Maryam and Shanbehzadeh, Jamshid},
  journal={International Journal of Computer Theory and Engineering},
  volume={5},
  number={1},
  pages={1},
  year={2013},
  publisher={IACSIT Press}
}

@book{szeliski2010computer,
  title={Computer vision: algorithms and applications},
  author={Szeliski, Richard},
  year={2010},
  publisher={Springer Science \& Business Media}
}

@article{bivard2011defining,
  title={Defining the extent of irreversible brain ischemia using perfusion computed tomography},
  author={Bivard, Andrew and McElduff, Patrick and Spratt, Neil and Levi, Christopher and Parsons, Mark},
  journal={Cerebrovascular diseases},
  volume={31},
  number={3},
  pages={238--245},
  year={2011},
  publisher={Karger Publishers}
}

@article{bivard2013perfusion,
  title={Perfusion CT in acute stroke: a comprehensive analysis of infarct and penumbra},
  author={Bivard, Andrew and Levi, Christopher and Spratt, Neil and Parsons, Mark},
  journal={Radiology},
  volume={267},
  number={2},
  pages={543--550},
  year={2013},
  publisher={Radiological Society of North America, Inc.}
}

@article{lucas2018learning,
  title={Learning to predict ischemic stroke growth on acute CT perfusion data by interpolating low-dimensional shape representations},
  author={Lucas, Christian and Kemmling, Andr{\'e} and Bouteldja, Nassim and Aulmann, Linda F and Mamlouk, Amir Madany and Heinrich, Mattias P},
  journal={Frontiers in neurology},
  volume={9},
  year={2018},
  publisher={Frontiers Media SA}
}

@Article{robben2018prediction,
  author        = {Robben, David and Boers, Anna and Marquering, Henk A and Langezaal, Lucianne M and Roos, Yvo and van Oostenbrugge, Robert J and van Zwam, Wim H and Dippel, Diederik and Majoie, Charles and van der Lugt, Aad et al.},
  title         = {Prediction of final infarct volume from native CT perfusion and treatment parameters using deep learning},
  journal       = {arXiv preprint arXiv:1812.02496},
  year          = {2018},
  __markedentry = {[König der Füchse:1]},
}

@InProceedings{abulnaga2018ischemic,
  author       = {Abulnaga, Mazdak S and Rubin, Jonathan},
  title        = {Ischemic Stroke Lesion Segmentation in CT Perfusion Scans Using Pyramid Pooling and Focal Loss},
  booktitle    = {International MICCAI Brainlesion Workshop},
  year         = {2018},
  pages        = {352--363},
  organization = {Springer},
}

@Comment{jabref-meta: databaseType:bibtex;}
