% Encoding: UTF-8

@article{seghogsvm,
author          = {M. Moetesum and S. Younus and  M. Warsi  and I. Siddiqi},
title           = {Segmentation and Recognition of Electronic Components in Hand-Drawn Circuit Diagrams},
journal         = {EAI Endorsed Transactions on Scalable Information Systems},
volume          = {5},
number          = {16},
publisher       = {EAI},
journal_a       = {SIS},
year            = {2018},
month           = {4},
keywords        = {Hand-Drawn Circuit Diagrams, HOG Descriptor, SVM.},
doi             = {10.4108/eai.13-4-2018.154478}
}

@article{anngeo,
title           = {Hand Drawn Optical Circuit Recognition},
journal         = {Procedia Computer Science},
volume          = {84},
pages           = {41 - 48},
year            = {2016},
note            = {Proceeding of the Seventh International Conference on Intelligent Human Computer Interaction (IHCI 2015)},
issn            = {1877-0509},
doi             = {https://doi.org/10.1016/j.procs.2016.04.064},
url             = {http://www.sciencedirect.com/science/article/pii/S1877050916300783},
author          = {M. Rabbani and R. Khoshkangini and H.S. Nagendraswamy and M. Conti},
keywords        = {Optical circuit recognition, electrical circuit, moments of image, artificial neural network, back propagation algorithm},
}

@article{texturesmo,
title           = {Offline hand-drawn circuit component recognition using texture and shape-based features},
author          = {S. Roy and A. Bhattacharya and N. Sarkar et al.},
year            = {2020},
month           = {August},
journal         = {Springer Science+Business Media},
doi             = {10.1007/s11042-020-09570-6}
}

@inproceedings{knnfull,
author          = {B. {Edwards} and V. {Chandran}},
booktitle       = {2000 IEEE International Conference on Acoustics, Speech, and Signal Processing. Proceedings (Cat. No.00CH37100)},
title           = {Machine recognition of hand-drawn circuit diagrams},
year            = {2000},
volume          = {6},
number          = {},
pages           = {3618-3621 vol.6},
doi             = {10.1109/ICASSP.2000.860185}
}

@inproceedings{yolobool,
author          = {T. {Dhanushika} and L. {Ranathunga}},
booktitle       = {2019 14th Conference on Industrial and Information Systems (ICIIS)},
title           = {Fine-Tuned Line Connection Accompanied Boolean Expression Generation for Hand-Drawn Logic Circuits},
year            = {2019},
volume          = {},
number          = {},
pages           = {436-441},
doi             = {10.1109/ICIIS47346.2019.9063264}
}

@article{fouriersvm,
title           = {Hand-drawn Digital Logic Circuit Component Recognition using SVM},
author          = {M. Patare and M. Joshi},
journal         = {International Journal of Computer Applications},
year            = {2016},
volume          = {143},
pages           = {24-28}
}

@inproceedings{ctxindependentsvm,
author          = {K. {Refaat} and W. {Helmy} and A. {Ali} and M. {AbdelGhany} and A. {Atiya}},
booktitle       = {2008 IEEE International Joint Conference on Neural Networks (IEEE World Congress on Computational Intelligence)},
title           = {A new approach for context-independent handwritten offline diagram recognition using support vector machines},
year            = {2008},
volume          = {},
number          = {},
pages           = {177-182},
doi             = {10.1109/IJCNN.2008.4633786}
}

@inproceedings{basecnn,
author          = {M. {Günay} and M. {Köseoğlu} and Ö. {Yıldırım}},
booktitle       = {2020 International Congress on Human-Computer Interaction, Optimization and Robotic Applications (HORA)},
titleaddon      = {Classification of Hand-Drawn Basic Circuit Components Using Convolutional Neural Networks},
year            = {2020},
volume          = {},
number          = {},
pages           = {1-5},
doi             = {10.1109/HORA49412.2020.9152866}
}

@article{focalloss,
author          = {T. Lin and P. Goyal and R. Girshick and K. He and P. Doll},
title           = {Focal Loss for Dense Object Detection},
journal         = {CoRR},
volume          = {abs/1708.02002},
year            = {2017},
url             = {http://arxiv.org/abs/1708.02002},
archivePrefix   = {arXiv},
eprint          = {1708.02002},
timestamp       = {Mon, 13 Aug 2018 16:46:12 +0200},
biburl          = {https://dblp.org/rec/journals/corr/abs-1708-02002.bib},
bibsource       = {dblp computer science bibliography, https://dblp.org}
}

@misc{iec60617,
title             = {{IEC}-60617},
author            = {IEC},
howpublished      = {\url{https://webstore.iec.ch/publication/2723}},
note              = {Accessed: 21.12.2020}
}

@article{yolov1,
author            = {J. Redmon and S. Divvala and R. Girshick and A. Farhadi},
title             = {You Only Look Once: Unified, Real-Time Object Detection},
journal           = {CoRR},
volume            = {abs/1506.02640},
year              = {2015},
url               = {http://arxiv.org/abs/1506.02640},
archivePrefix     = {arXiv},
eprint            = {1506.02640},
timestamp         = {Mon, 13 Aug 2018 16:48:08 +0200},
biburl            = {https://dblp.org/rec/journals/corr/RedmonDGF15.bib},
bibsource         = {dblp computer science bibliography, https://dblp.org}
}

@misc{yolov4,
title           = {YOLOv4: Optimal Speed and Accuracy of Object Detection},
author          = {A. Bochkovskiy and C Wang and H. Liao},
year            = {2020},
eprint          = {2004.10934},
archivePrefix   = {arXiv},
primaryClass    = {cs.CV}
}

@book{bishop,
title           = {Pattern recognition and machine learning},
author          = {C. Bishop},
year            = {2006},
publisher       = {Springer},
year            = {2006},
isbn            = {0-387-31073-2}
}

@article{perceptron,
author          = {F. Rosenblatt},
title           = {The Perceptron: A Probabilistic Model for Information Storage and Organization in The Brain},
journal         = {Psychological Review},
year            = {1958},
pages           = {65--386}
}

@article{bioneuron,
author          = {W. McCulloch and W. Pitts},
title           = {A logical calculus of the ideas immanent in nervous activity},
journal         = {Bulletin of mathematical biophysics},
year            = {1943},
volume          = {5},
pages           = {115--143},
}


@article{mlp,
author          = {S. Grossberg},
title           = {Contour Enhancement, Short Term Memory, and Constancies in Reverberating Neural Networks},
journal         = {Studies in Applied Mathematics},
volume          = {52},
number          = {3},
pages           = {213-257},
doi             = {https://doi.org/10.1002/sapm1973523213},
url             = {https://onlinelibrary.wiley.com/doi/abs/10.1002/sapm1973523213},
eprint          = {https://onlinelibrary.wiley.com/doi/pdf/10.1002/sapm1973523213},
year            = {1973}
}

@article{cca,
title	        = {Optimized block-based connected components labeling with decision trees.},
author	        = {C. Grana and D. Borghesani and R. Cucchiara},
journal	        = {IEEE transactions on image processing : a publication of the IEEE Signal Processing Society},
journal-iso	    = {IEEE Trans Image Process},
volume	        = {19},
number	        = {6},
year	        = {2010},
month	        = {Jun},
pages	        = {1596--609},
doi	            = {10.1109/TIP.2010.2044963},
pmid	        = {20227983}
}

@article{intro_cnn,
author          = {K. O'Shea and R. Nash},
title           = {An Introduction to Convolutional Neural Networks},
journal         = {CoRR},
volume          = {abs/1511.08458},
year            = {2015},
url             = {http://arxiv.org/abs/1511.08458},
archivePrefix   = {arXiv},
eprint          = {1511.08458},
timestamp       = {Mon, 13 Aug 2018 16:46:52 +0200},
biburl          = {https://dblp.org/rec/journals/corr/OSheaN15.bib},
bibsource       = {dblp computer science bibliography, https://dblp.org}
}

@inproceedings{lecun_digits,
author          = {Y. LeCun and L. Jackel and B. Boser and J. Denker and H. Graf and I. Guyon and D. Henderson and R. Howard and W. Hubbard},
title           = {Handwritten Digit Recognition: Applications of Neural Net Chips and Automatic Learning},
booktitle       = {Neurocomputing, Algorithms, Architectures and Applications},
address         = {Les Arcs, France},
editor          = {Fogelman, F. and Herault, J. and Burnod, Y.},
year            = {1989},
publisher       = {Springer},
}

@inproceedings{lecun_lenet,
original        = {orig/lecun-99.ps.gz},
author          = {Y. LeCun and P. Haffner and L. Bottou and Y. Bengio},
title           = {Object Recognition with Gradient-Based Learning},
booktitle       = {Feature Grouping},
editor          = {Forsyth, D.},
publisher       = {Springer},
year            = {1999}
}

@article{inception,
author          = {C. Szegedy and W. Liu and Y. Jia and P. Sermanet and S. Reed and D. Anguelov and D. Erhan and V. Vanhoucke and A. Rabinovich},
title           = {Going Deeper with Convolutions},
journal         = {CoRR},
volume          = {abs/1409.4842},
year            = {2014},
url             = {http://arxiv.org/abs/1409.4842},
archivePrefix   = {arXiv},
eprint          = {1409.4842},
timestamp       = {Mon, 13 Aug 2018 16:48:52 +0200},
biburl          = {https://dblp.org/rec/journals/corr/SzegedyLJSRAEVR14.bib},
bibsource       = {dblp computer science bibliography, https://dblp.org}
}

@article{resnet,
author          = {K. He and X. Zhang and S. Ren and J. Sun},
title           = {Deep Residual Learning for Image Recognition},
journal         = {CoRR},
volume          = {abs/1512.03385},
year            = {2015},
url             = {http://arxiv.org/abs/1512.03385},
archivePrefix   = {arXiv},
eprint          = {1512.03385},
timestamp       = {Wed, 17 Apr 2019 17:23:45 +0200},
biburl          = {https://dblp.org/rec/journals/corr/HeZRS15.bib},
bibsource       = {dblp computer science bibliography, https://dblp.org}
}

@article{densenet,
author          = {G. Huang and Z. Liu and K. Weinberger},
title           = {Densely Connected Convolutional Networks},
journal         = {CoRR},
volume          = {abs/1608.06993},
year            = {2016},
url             = {http://arxiv.org/abs/1608.06993},
archivePrefix   = {arXiv},
eprint          = {1608.06993},
timestamp       = {Mon, 10 Sep 2018 15:49:32 +0200},
biburl          = {https://dblp.org/rec/journals/corr/HuangLW16a.bib},
bibsource       = {dblp computer science bibliography, https://dblp.org}
}

@book{dl,
author          = {A. Maier and V. Christlein and K. Breininger and S. Vesal},
title           = {Deep Learning Lecture},
year            = {2020},
publisher       = {Friedrich-Alexander-University},
}

@article{conv_arithmetic,
author          = {V. Dumoulin and F. Visin},
title           = {A guide to convolution arithmetic for deep learning},
journal         = {ArXiv e-prints},
eprint          = {1603.07285},
year            = {2016},
month           = {mar}
}

@misc{sliding_window_satelite,
author          = {M. Pritt},
title           = {Deep Learning for Recognizing Mobile Targets in Satellite Imagery},
year            = {2020},
eprint          = {2010.06520},
archivePrefix   = {arXiv},
primaryClass    = {cs.CV}
}

@misc{nms_before_after,
author          = {K. Sambasivarao},
title           = {Non-maximum Suppression ({NMS})},
howpublished    = {\url{https://towardsdatascience.com/non-maximum-suppression-nms-93ce178e177c}},
note            = {Accessed: 02.04.2021},
}

@article{rcnn,
author          = {R. Girshick and J. Donahue and T. Darrell and J. Malik},
title           = {Rich feature hierarchies for accurate object detection and semantic segmentation},
journal         = {CoRR},
volume          = {abs/1311.2524},
year            = {2013},
url             = {http://arxiv.org/abs/1311.2524},
archivePrefix   = {arXiv},
eprint          = {1311.2524},
timestamp       = {Mon, 13 Aug 2018 16:48:09 +0200},
biburl          = {https://dblp.org/rec/journals/corr/GirshickDDM13.bib},
bibsource       = {dblp computer science bibliography, https://dblp.org}
}

@inproceedings{selective_search,
author          = {K. van de Sande and J. Uijlings and T. Gevers and A. Smeulders},
title           = {Segmentation as selective search for object recognition},
booktitle       = {2011 International Conference on Computer Vision},
doi             = {10.1109/iccv.2011.6126456},
url             = {https://doi.org/10.1109/iccv.2011.6126456},
year            = {2011},
month           = {nov},
publisher       = {{IEEE}},
}

@inproceedings{fast_rcnn,
title           = {Fast R-CNN},
booktitle       = {Proceedings of the IEEE International Conference on Computer Vision (ICCV)},
month           = {December},
year            = {2015}
}
